<?xml version="1.0" encoding="UTF-8"?>
<Document xmlns="urn:iso:std:iso:20022:tech:xsd:pain.001.001.09" xmlns:xsi="http://www.w3.org/2001/XMLSchema-instance" xsi:schemaLocation="urn:iso:std:iso:20022:tech:xsd:pain.001.001.09 pain.001.001.09.xsd">
  <CstmrCdtTrfInitn>
    <GrpHdr>
      <MsgId>SEPA-KING/9f2d8de0c8dc62a1345a87</MsgId>
      <CreDtTm>2024-06-13T09:38:06+02:00</CreDtTm>
      <NbOfTxs>1</NbOfTxs>
      <CtrlSum>102.50</CtrlSum>
      <InitgPty>
        <Nm>Schuldner GmbH</Nm>
      </InitgPty>
    </GrpHdr>
    <PmtInf>
      <PmtInfId>SEPA-KING/9f2d8de0c8dc62a1345a87/1</PmtInfId>
      <PmtMtd>TRF</PmtMtd>
      <BtchBookg>true</BtchBookg>
      <NbOfTxs>1</NbOfTxs>
      <CtrlSum>102.50</CtrlSum>
      <PmtTpInf>
        <SvcLvl>
          <Cd>SEPA</Cd>
        </SvcLvl>
      </PmtTpInf>
      <ReqdExctnDt>
        <Dt>2024-06-14</Dt>
      </ReqdExctnDt>
      <Dbtr>
        <Nm>Schuldner GmbH</Nm>
      </Dbtr>
      <DbtrAcct>
        <Id>
          <IBAN>DE87200500001234567890</IBAN>
        </Id>
      </DbtrAcct>
      <DbtrAgt>
        <FinInstnId>
          <BICFI>BANKDEFFXXX</BICFI>
        </FinInstnId>
      </DbtrAgt>
      <ChrgBr>SLEV</ChrgBr>
      <CdtTrfTxInf>
        <PmtId>
          <InstrId>12345</InstrId>
          <EndToEndId>XYZ-1234/123</EndToEndId>
        </PmtId>
        <Amt>
          <InstdAmt Ccy="EUR">102.50</InstdAmt>
        </Amt>
        <CdtrAgt>
          <FinInstnId>
            <BICFI>PBNKDEFF370</BICFI>
          </FinInstnId>
        </CdtrAgt>
        <Cdtr>
          <Nm>Telekomiker AG</Nm>
        </Cdtr>
        <CdtrAcct>
          <Id>
            <IBAN>DE37112589611964645802</IBAN>
          </Id>
        </CdtrAcct>
        <RmtInf>
          <Ustrd>Rechnung vom 22.08.2013</Ustrd>
        </RmtInf>
      </CdtTrfTxInf>
    </PmtInf>
  </CstmrCdtTrfInitn>
</Document>
