<?xml version="1.0" encoding="UTF-8"?>
<Document xmlns="urn:iso:std:iso:20022:tech:xsd:pain.001.001.03" xmlns:xsi="http://www.w3.org/2001/XMLSchema-instance" xsi:schemaLocation="urn:iso:std:iso:20022:tech:xsd:pain.001.001.03 pain.001.001.03.xsd">
  <CstmrCdtTrfInitn>
    <GrpHdr>
      <MsgId>Message-ID-12345</MsgId>
      <CreDtTm>2024-04-11T09:30:47.000Z</CreDtTm>
      <NbOfTxs>2</NbOfTxs>
      <InitgPty>
        <Nm>Initiator Name</Nm>
      </InitgPty>
    </GrpHdr>
    <PmtInf>
      <PmtInfId>Payment-Information-ID-12345</PmtInfId>
      <PmtMtd>TRF</PmtMtd>
      <BtchBookg>true</BtchBookg>
      <NbOfTxs>2</NbOfTxs>
      <CtrlSum>9999.99</CtrlSum>
      <PmtTpInf>
        <SvcLvl>
          <Cd>SEPA</Cd>
        </SvcLvl>
      </PmtTpInf>
      <ReqdExctnDt>2024-04-25</ReqdExctnDt>
      <Dbtr>
        <Nm>Debtor Name</Nm>
      </Dbtr>
      <DbtrAcct>
        <Id>
          <IBAN>DE75512108001245126199</IBAN>
        </Id>
      </DbtrAcct>
      <DbtrAgt>
        <FinInstnId>
          <BIC>SOGEDEFFXXX</BIC>
        </FinInstnId>
      </DbtrAgt>
      <ChrgBr>SLEV</ChrgBr>
      <CdtTrfTxInf>
        <PmtId>
          <EndToEndId>Source1234</EndToEndId>
        </PmtId>
        <Amt>
          <InstdAmt Ccy="EUR">9876.54</InstdAmt>
        </Amt>
        <CdtrAgt>
          <FinInstnId>
            <BIC>COBADEFFXXX</BIC>
          </FinInstnId>
        </CdtrAgt>
        <Cdtr>
          <Nm>Creditor Name</Nm>
        </Cdtr>
        <CdtrAcct>
          <Id>
            <IBAN>DE89370400440532013000</IBAN>
          </Id>
        </CdtrAcct>
        <RmtInf>
          <Ustrd>Unstructured Remittance Information</Ustrd>
        </RmtInf>
      </CdtTrfTxInf>
      <CdtTrfTxInf>
        <PmtId>
          <EndToEndId>SourceID1235</EndToEndId>
        </PmtId>
        <Amt>
          <InstdAmt Ccy="EUR">123.45</InstdAmt>
        </Amt>
        <CdtrAgt>
          <FinInstnId>
            <BIC>COBADEFFXXX</BIC>
          </FinInstnId>
        </CdtrAgt>
        <Cdtr>
          <Nm>Other Creditor Name</Nm>
        </Cdtr>
        <CdtrAcct>
          <Id>
            <IBAN>DE89370400440532013000</IBAN>
          </Id>
        </CdtrAcct>
        <RmtInf>
          <Ustrd>Unstructured Remittance Information</Ustrd>
        </RmtInf>
      </CdtTrfTxInf>
    </PmtInf>
  </CstmrCdtTrfInitn>
</Document>
