<?xml version="1.0" encoding="UTF-8"?>
<Document xmlns="urn:iso:std:iso:20022:tech:xsd:camt.052.001.08">
  <BkToCstmrAcctRpt>
    <GrpHdr>
      <MsgId>20240306S0097334</MsgId>
      <CreDtTm>2024-03-06T11:03:46.6456212+01:00</CreDtTm>
    </GrpHdr>
    <Rpt>
      <Id>20240306S0097334</Id>
      <CreDtTm>2024-03-06T11:03:46.6456212+01:00</CreDtTm>
      <RptPgntn>
        <PgNb>00001</PgNb>
        <LastPgInd>true</LastPgInd>
      </RptPgntn>
      <ElctrncSeqNb>12</ElctrncSeqNb>
      <Acct>
        <Id>
          <IBAN>DE00IBANdesDotationskontos</IBAN>
        </Id>
        <Ccy>EUR</Ccy>
      </Acct>
      <Bal>
        <Tp>
          <CdOrPrtry>
            <Cd>OPBD</Cd>
          </CdOrPrtry>
        </Tp>
        <Amt Ccy="EUR">300000.00</Amt>
        <CdtDbtInd>CRDT</CdtDbtInd>
        <Dt>
          <Dt>2024-03-06</Dt>
        </Dt>
      </Bal>
      <Bal>
        <Tp>
          <CdOrPrtry>
            <Cd>CLBD</Cd>
          </CdOrPrtry>
        </Tp>
        <Amt Ccy="EUR">180000.00</Amt>
        <CdtDbtInd>CRDT</CdtDbtInd>
        <Dt>
          <Dt>2024-03-06</Dt>
        </Dt>
      </Bal>
      <Ntry>
        <NtryRef>H202403065000000095</NtryRef>
        <Amt Ccy="EUR">120000.00</Amt>
        <CdtDbtInd>DBIT</CdtDbtInd>
        <Sts>
          <Cd>BOOK</Cd>
        </Sts>
        <BookgDt>
          <Dt>2024-03-06</Dt>
        </BookgDt>
        <ValDt>
          <Dt>2024-03-06</Dt>
        </ValDt>
        <AcctSvcrRef>20240306/19000007</AcctSvcrRef>
        <BkTxCd>
          <Domn>
            <Cd>PMNT</Cd>
            <Fmly>
              <Cd>ICDT</Cd>
              <SubFmlyCd>SDVA</SubFmlyCd>
            </Fmly>
          </Domn>
        </BkTxCd>
        <NtryDtls>
          <TxDtls>
            <Refs>
              <AcctSvcrRef>pacs009-InstrId-00003</AcctSvcrRef>
              <InstrId>pacs009-InstrId-00003</InstrId>
            </Refs>
            <Amt Ccy="EUR">120000.00</Amt>
            <CdtDbtInd>DBIT</CdtDbtInd>
            <RmtInf>
              <Ustrd>VWZ pacs009 DOTA an RTGS</Ustrd>
            </RmtInf>
          </TxDtls>
        </NtryDtls>
      </Ntry>
    </Rpt>
  </BkToCstmrAcctRpt>
</Document>
