<?xml version="1.0" encoding="UTF-8" ?>
<Document xmlns="urn:iso:std:iso:20022:tech:xsd:pain.008.003.02" xmlns:xsi="http://www.w3.org/2001/XMLSchema-instance" xsi:schemaLocation="urn:iso:std:iso:20022:tech:xsd:pain.008.003.02 pain.008.003.02.xsd">
  <CstmrDrctDbtInitn>
    <GrpHdr>
      <MsgId>Message-ID-12345</MsgId>
      <CreDtTm>2024-04-11T09:30:47.000Z</CreDtTm>
      <NbOfTxs>2</NbOfTxs>
      <InitgPty>
        <Nm>Initiator Name</Nm>
      </InitgPty>
    </GrpHdr>
    <PmtInf>
      <PmtInfId>Payment-Information-ID-12345</PmtInfId>
      <PmtMtd>DD</PmtMtd>
      <NbOfTxs>2</NbOfTxs>
      <CtrlSum>9999.99</CtrlSum>
      <PmtTpInf>
        <SvcLvl>
          <Cd>SEPA</Cd>
        </SvcLvl>
        <LclInstrm>
          <Cd>CORE</Cd>
        </LclInstrm>
        <SeqTp>FRST</SeqTp>
      </PmtTpInf>
      <ReqdColltnDt>2024-04-25</ReqdColltnDt>
      <Cdtr>
        <Nm>Creditor Name</Nm>
      </Cdtr>
      <CdtrAcct>
        <Id>
          <IBAN>DE75512108001245126199</IBAN>
        </Id>
      </CdtrAcct>
      <CdtrAgt>
        <FinInstnId>
          <BIC>KKKKDEFFXXX</BIC>
        </FinInstnId>
      </CdtrAgt>
      <ChrgBr>SLEV</ChrgBr>
      <CdtrSchmeId>
        <Id>
          <PrvtId>
            <Othr>
              <Id>DE99ZZZ100001234567</Id>
              <SchmeNm>
                <Prtry>SEPA</Prtry>
              </SchmeNm>
            </Othr>
          </PrvtId>
        </Id>
      </CdtrSchmeId>
      <DrctDbtTxInf>
        <PmtId>
          <EndToEndId>Source1234</EndToEndId>
        </PmtId>
        <InstdAmt Ccy="EUR">9876.54</InstdAmt>
        <DrctDbtTx>
          <MndtRltdInf>
            <MndtId>99993333</MndtId>
            <DtOfSgntr>2024-01-01</DtOfSgntr>
            <AmdmntInd>false</AmdmntInd>
          </MndtRltdInf>
        </DrctDbtTx>
        <DbtrAgt>
          <FinInstnId>
            <BIC>COBADEFFXXX</BIC>
          </FinInstnId>
        </DbtrAgt>
        <Dbtr>
          <Nm>Debitor Name</Nm>
        </Dbtr>
        <DbtrAcct>
          <Id>
            <IBAN>DE89370400440532013000</IBAN>
          </Id>
        </DbtrAcct>
        <RmtInf>
          <Ustrd>Unstructured Remittance Information</Ustrd>
        </RmtInf>
      </DrctDbtTxInf>
      <DrctDbtTxInf>
        <PmtId>
          <EndToEndId>Source1235</EndToEndId>
        </PmtId>
        <InstdAmt Ccy="EUR">123.45</InstdAmt>
        <DrctDbtTx>
          <MndtRltdInf>
            <MndtId>99993333</MndtId>
            <DtOfSgntr>2024-01-01</DtOfSgntr>
            <AmdmntInd>false</AmdmntInd>
          </MndtRltdInf>
        </DrctDbtTx>
        <DbtrAgt>
          <FinInstnId>
            <BIC>COBADEFFXXX</BIC>
          </FinInstnId>
        </DbtrAgt>
        <Dbtr>
          <Nm>Debitor Name</Nm>
        </Dbtr>
        <DbtrAcct>
          <Id>
            <IBAN>DE89370400440532013000</IBAN>
          </Id>
        </DbtrAcct>
        <RmtInf>
          <Ustrd>Unstructured Remittance Information</Ustrd>
        </RmtInf>
      </DrctDbtTxInf>
    </PmtInf>
  </CstmrDrctDbtInitn>
</Document>
