<?xml version="1.0" encoding="UTF-8"?>
<Document xmlns="urn:iso:std:iso:20022:tech:xsd:pain.008.001.08" xmlns:xsi="http://www.w3.org/2001/XMLSchema-instance" xsi:schemaLocation="urn:iso:std:iso:20022:tech:xsd:pain.008.001.08 pain.008.001.08.xsd">
  <CstmrDrctDbtInitn>
    <GrpHdr>
      <MsgId>example/35d37060c3e8d6288b5377</MsgId>
      <CreDtTm>2024-06-13T09:41:51+02:00</CreDtTm>
      <NbOfTxs>1</NbOfTxs>
      <CtrlSum>39.99</CtrlSum>
      <InitgPty>
        <Nm>Gläubiger GmbH</Nm>
        <Id>
          <OrgId>
            <Othr>
              <Id>DE98ZZZ09999999999</Id>
            </Othr>
          </OrgId>
        </Id>
      </InitgPty>
    </GrpHdr>
    <PmtInf>
      <PmtInfId>example/35d37060c3e8d6288b5377/1</PmtInfId>
      <PmtMtd>DD</PmtMtd>
      <BtchBookg>true</BtchBookg>
      <NbOfTxs>1</NbOfTxs>
      <CtrlSum>39.99</CtrlSum>
      <PmtTpInf>
        <SvcLvl>
          <Cd>SEPA</Cd>
        </SvcLvl>
        <LclInstrm>
          <Cd>CORE</Cd>
        </LclInstrm>
        <SeqTp>FRST</SeqTp>
      </PmtTpInf>
      <ReqdColltnDt>2024-06-14</ReqdColltnDt>
      <Cdtr>
        <Nm>Gläubiger GmbH</Nm>
      </Cdtr>
      <CdtrAcct>
        <Id>
          <IBAN>DE87200500001234567890</IBAN>
        </Id>
      </CdtrAcct>
      <CdtrAgt>
        <FinInstnId>
          <BICFI>BANKDEFFXXX</BICFI>
        </FinInstnId>
      </CdtrAgt>
      <ChrgBr>SLEV</ChrgBr>
      <CdtrSchmeId>
        <Id>
          <PrvtId>
            <Othr>
              <Id>DE98ZZZ09999999999</Id>
              <SchmeNm>
                <Prtry>SEPA</Prtry>
              </SchmeNm>
            </Othr>
          </PrvtId>
        </Id>
      </CdtrSchmeId>
      <DrctDbtTxInf>
        <PmtId>
          <InstrId>12345</InstrId>
          <EndToEndId>XYZ/2013-08-ABO/6789</EndToEndId>
        </PmtId>
        <InstdAmt Ccy="EUR">39.99</InstdAmt>
        <DrctDbtTx>
          <MndtRltdInf>
            <MndtId>K-02-2011-12345</MndtId>
            <DtOfSgntr>2024-01-25</DtOfSgntr>
          </MndtRltdInf>
        </DrctDbtTx>
        <DbtrAgt>
          <FinInstnId>
            <BICFI>SPUEDE2UXXX</BICFI>
          </FinInstnId>
        </DbtrAgt>
        <Dbtr>
          <Nm>Zahlemann &amp; Söhne GbR</Nm>
        </Dbtr>
        <DbtrAcct>
          <Id>
            <IBAN>DE21500500009876543210</IBAN>
          </Id>
        </DbtrAcct>
        <RmtInf>
          <Ustrd>Vielen Dank für Ihren Einkauf</Ustrd>
        </RmtInf>
      </DrctDbtTxInf>
    </PmtInf>
  </CstmrDrctDbtInitn>
</Document>
